@Manual{R-base,
  title = {R: A Language and Environment for Statistical Computing},
  author = {{R Core Team}},
  organization = {R Foundation for Statistical Computing},
  address = {Vienna, Austria},
  year = {2022},
  url = {https://www.R-project.org/},
}
@Manual{R-here,
  title = {{here}: A Simpler Way to Find Your Files},
  author = {Kirill Müller},
  year = {2020},
  note = {R package version 1.0.1},
  url = {https://CRAN.R-project.org/package=here},
}
@Book{R-knitr,
  title = {Dynamic Documents with {R} and knitr},
  author = {Yihui Xie},
  publisher = {Chapman and Hall/CRC},
  address = {Boca Raton, Florida},
  year = {2015},
  edition = {2nd},
  note = {ISBN 978-1498716963},
  url = {https://yihui.org/knitr/},
}
@Manual{R-papaja,
  title = {{papaja}: {Prepare} reproducible {APA} journal articles with {R Markdown}},
  author = {Frederik Aust and Marius Barth},
  year = {2022},
  note = {R package version 0.1.1},
  url = {https://github.com/crsh/papaja},
}
@Manual{R-tinylabels,
  title = {{tinylabels}: Lightweight Variable Labels},
  author = {Marius Barth},
  year = {2022},
  note = {R package version 0.2.3},
  url = {https://cran.r-project.org/package=tinylabels},
}
@Manual{R-dplyr,
  title = {dplyr: A Grammar of Data Manipulation},
  author = {Hadley Wickham and Romain François and Lionel Henry and Kirill Müller},
  year = {2022},
  note = {https://dplyr.tidyverse.org, https://github.com/tidyverse/dplyr},
}
@Manual{R-forcats,
  title = {forcats: Tools for Working with Categorical Variables (Factors)},
  author = {Hadley Wickham},
  year = {2022},
  note = {https://forcats.tidyverse.org/,
https://github.com/tidyverse/forcats},
}
@Book{R-ggplot2,
  author = {Hadley Wickham},
  title = {ggplot2: Elegant Graphics for Data Analysis},
  publisher = {Springer-Verlag New York},
  year = {2016},
  isbn = {978-3-319-24277-4},
  url = {https://ggplot2.tidyverse.org},
}
@Article{R-lubridate,
  title = {Dates and Times Made Easy with {lubridate}},
  author = {Garrett Grolemund and Hadley Wickham},
  journal = {Journal of Statistical Software},
  year = {2011},
  volume = {40},
  number = {3},
  pages = {1--25},
  url = {https://www.jstatsoft.org/v40/i03/},
}
@Manual{R-purrr,
  title = {purrr: Functional Programming Tools},
  author = {Lionel Henry and Hadley Wickham},
  year = {2022},
  note = {https://purrr.tidyverse.org/, https://github.com/tidyverse/purrr},
}
@Manual{R-readr,
  title = {readr: Read Rectangular Text Data},
  author = {Hadley Wickham and Jim Hester and Jennifer Bryan},
  year = {2022},
  note = {https://readr.tidyverse.org, https://github.com/tidyverse/readr},
}
@Manual{R-readxl,
  title = {{readxl}: Read Excel Files},
  author = {Hadley Wickham and Jennifer Bryan},
  year = {2022},
  note = {https://readxl.tidyverse.org, https://github.com/tidyverse/readxl},
}
@Manual{R-stringr,
  title = {stringr: Simple, Consistent Wrappers for Common String Operations},
  author = {Hadley Wickham},
  year = {2022},
  note = {https://stringr.tidyverse.org,
https://github.com/tidyverse/stringr},
}
@Manual{R-tibble,
  title = {tibble: Simple Data Frames},
  author = {Kirill Müller and Hadley Wickham},
  year = {2022},
  note = {https://tibble.tidyverse.org/, https://github.com/tidyverse/tibble},
}
@Manual{R-tidyr,
  title = {tidyr: Tidy Messy Data},
  author = {Hadley Wickham and Maximilian Girlich},
  year = {2022},
  note = {https://tidyr.tidyverse.org, https://github.com/tidyverse/tidyr},
}
@Article{R-tidyverse,
  title = {Welcome to the {tidyverse}},
  author = {Hadley Wickham and Mara Averick and Jennifer Bryan and Winston Chang and Lucy D'Agostino McGowan and Romain François and Garrett Grolemund and Alex Hayes and Lionel Henry and Jim Hester and Max Kuhn and Thomas Lin Pedersen and Evan Miller and Stephan Milton Bache and Kirill Müller and Jeroen Ooms and David Robinson and Dana Paige Seidel and Vitalie Spinu and Kohske Takahashi and Davis Vaughan and Claus Wilke and Kara Woo and Hiroaki Yutani},
  year = {2019},
  journal = {Journal of Open Source Software},
  volume = {4},
  number = {43},
  pages = {1686},
  doi = {10.21105/joss.01686},
}
@Manual{R-timechange,
  title = {timechange: Efficient Manipulation of Date-Times},
  author = {Vitalie Spinu},
  year = {2022},
  note = {R package version 0.1.1},
  url = {https://github.com/vspinu/timechange/},
}
@Article{R-PRISMA2020,
  title = {PRISMA2020: An {R} package and {Shiny} app for producing PRISMA 2020-compliant flow diagrams, with interactivity for optimised digital transparency and Open Synthesis},
  author = {Neal R Haddaway and Matthew J Page and Chris C Pritchard and Luke A McGuinness},
  year = {2022},
  doi = {110.1002/cl2.1230},
  journal = {Campbell Systematic Reviews},
  number = {2},
  volume = {18},
  pages = {e1230},
}
@Manual{R-kableExtra,
  title = {kableExtra: Construct Complex Table with 'kable' and Pipe Syntax},
  author = {Hao Zhu},
  year = {2021},
  note = {http://haozhu233.github.io/kableExtra/,
https://github.com/haozhu233/kableExtra},
}
@Book{R-rmarkdown_a,
  title = {R Markdown: The Definitive Guide},
  author = {Yihui Xie and J.J. Allaire and Garrett Grolemund},
  publisher = {Chapman and Hall/CRC},
  address = {Boca Raton, Florida},
  year = {2018},
  note = {ISBN 9781138359338},
  url = {https://bookdown.org/yihui/rmarkdown},
}
@Book{R-rmarkdown_b,
  title = {R Markdown Cookbook},
  author = {Yihui Xie and Christophe Dervieux and Emily Riederer},
  publisher = {Chapman and Hall/CRC},
  address = {Boca Raton, Florida},
  year = {2020},
  note = {ISBN 9780367563837},
  url = {https://bookdown.org/yihui/rmarkdown-cookbook},
}
@Misc{R-RoBMA,
  title = {RoBMA: An {R} Package for Robust {Bayesian} Meta-Analyses},
  author = {František Bartoš and Maximilian Maier},
  year = {2020},
  note = {R package version 2.3.1},
  url = {https://CRAN.R-project.org/package=RoBMA},
}
@Manual{R-pander,
  title = {pander: An R 'Pandoc' Writer},
  author = {Gergely Daróczi and Roman Tsegelskyi},
  year = {2022},
  note = {R package version 0.6.5},
  url = {https://rapporter.github.io/pander/},
}
@Article{R-robvis,
  title = {Risk-of-bias VISualization (robvis): An R package and Shiny web app for visualizing risk-of-bias assessments},
  author = {Luke A McGuinness and Julian PT Higgins},
  year = {2020},
  journal = {Research Synthesis Methods},
  url = {https://github.com/mcguinlu/robvis},
  doi = {10.1002/jrsm.1411},
}
